@TechReport{rfc5050,
  author =       "{K. Scott, S. Burleigh}",
  title =        "{Bundle Protocol Specification}",
  institution =  "{The MITRE Corporation, NASA Jet Propulsion Laboratory}",
  type =         "{RFC}",
  number =       "{5050}",
  month =        dec,
  year =         "2007",
}

@TechReport{tcp-clayer-draft,
  author =       "{M. Demmer, J. Ott}",
  title =        "{Delay Tolerant Networking TCP Convergence Layer Protocol}",
  institution =  "{UC Berkeley, Helsinki University of Technology}",
  type =         "{RFC Draft}",
  number =       "",
  month =        may,
  year =         "2009",
}

@ARTICLE{ieee802154,
author={},
journal={IEEE Std 802.15.4-2003},
title="{IEEE Standard for Information
Technology - Telecommunications and Information Exchange Between Systems - Local
and Metropolitan Area Networks Specific Requirements Part 15.4: Wireless Medium
Access Control (MAC) and Physical Layer (PHY) Specifications for Low-Rate
Wireless Personal Area Networks (LR-WPANs)}",
year={2003},
month={ },
volume={},
number={},
pages={1 -670},
keywords={},
doi={10.1109/IEEESTD.2003.94389},
ISSN={},}

@ARTICLE{ieee80211,
author={},
journal={IEEE Std 802.11-2007 (Revision of IEEE Std 802.11-1999)},
title="{IEEE Standard for Information Technology-Telecommunications and Information Exchange
Between Systems-Local and Metropolitan Area Networks-Specific Requirements -
Part 11: Wireless LAN Medium Access Control (MAC) and Physical Layer (PHY)
Specifications}",
year={2007},
month={june},
volume={},
number={},
pages={C1 -1184},
keywords={},
doi={10.1109/IEEESTD.2007.373646},
ISSN={},}

@ARTICLE{dtnlite,
author={Rabin Patra, Sergiu Nedevschi},
journal={CS294-1: Deeply Embedded Networks(Fall 2003)},
title="{DTNLite: A Reliable Data Transfer Architecture for Sensor Networks}",
year={2003},
month={},
volume={},
number={},
pages={},
keywords={},
doi={},
ISSN={},}

@ARTICLE{dasm,
author="{Omar Mukhtar, Jörg Ott}",
journal="{Demonstration (short paper) at the RealMAN Workshop 2006}",
title="{Backup and Bypass: Introducing DTN-based Ad-hoc Networking to Mobile Phones}",
year={2006},
month={},
volume={},
number={},
pages={},
keywords={},
doi={},
ISSN={},}

@ARTICLE{contikidtn,
author={Leonidas Lymberopoulos , Björn Grönvall , Max Loubser},
journal={},
title="{Reconfigurable Ubiquitous Networked Embedded Systems}",
year={2006},
month={aug},
volume={},
number={},
pages={},
keywords={},
doi={},
ISSN={},}

@ARTICLE{mule,
author="{Rahul C. Shah, Sumit Roy, Sushant Jain, Waylon Brunette}",
journal={},
title="{Data MULEs: Modeling a Three-tier Architecture for Sparse Sensor Networks}",
year={2003},
month={jan},
volume={},
number={},
pages={},
keywords={},
doi={},
ISSN={},}

@ARTICLE{cc2420,
author={Texas Instruments},
journal={},
title="{CC2420 Datasheet}",
year={2007},
month={march},
volume={},
number={},
pages={},
keywords={},
doi={},
ISSN={},}

@ARTICLE{imote2,
author={Crossbow Inc.},
journal={},
title="{Imote2 Hardware Reference Manual}",
year={2007},
month={september},
volume={},
number={},
pages={},
keywords={},
doi={},
ISSN={},}
